%********** Bibliography **********

BibTeX Style Examples
The following examples use these entries:

@article{article,
  author  = {Peter Adams}, 
  title   = {The title of the work},
  journal = {The name of the journal},
  year    = 1993,
  number  = 2,
  pages   = {201-213},
  month   = 7,
  note    = {An optional note}, 
  volume  = 4
}

@book{book,
  author    = {Peter Babington}, 
  title     = {The title of the work},
  publisher = {The name of the publisher},
  year      = 1993,
  volume    = 4,
  series    = 10,
  address   = {The address},
  edition   = 3,
  month     = 7,
  note      = {An optional note},
  isbn      = {3257227892}
}

@booklet{booklet,
  title        = {The title of the work},
  author       = {Peter Caxton}, 
  howpublished = {How it was published},
  address      = {The address of the publisher},
  month        = 7,
  year         = 1993,
  note         = {An optional note}
}

@conference{conference,
  author       = {Peter Draper}, 
  title        = {The title of the work},
  booktitle    = {The title of the book},
  year         = 1993,
  editor       = {The editor},
  volume       = 4,
  series       = 5,
  pages        = 213,
  address      = {The address of the publisher},
  month        = 7,
  organization = {The organization},
  publisher    = {The publisher},
  note         = {An optional note}  
}

@inbook{inbook,
  author       = {Peter Eston}, 
  title        = {The title of the work},
  chapter      = 8,
  pages        = {201-213},
  publisher    = {The name of the publisher},
  year         = 1993,
  volume       = 4,
  series       = 5,
  address      = {The address of the publisher},
  edition      = 3,
  month        = 7,
  note         = {An optional note}
}

@incollection{incollection,
  author       = {Peter Farindon}, 
  title        = {The title of the work},
  booktitle    = {The title of the book},
  publisher    = {The name of the publisher},
  year         = 1993,
  editor       = {The editor},
  volume       = 4,
  series       = 5,
  chapter      = 8,
  pages        = {201-213},
  address      = {The address of the publisher},
  edition      = 3,
  month        = 7,
  note         = {An optional note}
}

 @manual{manual,
  title        = {The title of the work},
  author       = {Peter Gainsford}, 
  organization = {The organization},
  address      = {The address of the publisher},
  edition      = 3,
  month        = 7,
  year         = 1993,
  note         = {An optional note}
}

@mastersthesis{mastersthesis,
  author       = {Peter Harwood}, 
  title        = {The title of the work},
  school       = {The school where the thesis was written},
  year         = 1993,
  address      = {The address of the publisher},
  month        = 7,
  note         = {An optional note}
}

@misc{misc,
  author       = {Peter Isley}, 
  title        = {The title of the work},
  howpublished = {How it was published},
  month        = 7,
  year         = 1993,
  note         = {An optional note}
}

@phdthesis{phdthesis,
  author       = {Peter Joslin}, 
  title        = {The title of the work},
  school       = {The school where the thesis was written},
  year         = 1993,
  address      = {The address of the publisher},
  month        = 7,
  note         = {An optional note}
}

@proceedings{proceedings,
  title        = {The title of the work},
  year         = 1993,
  editor       = {Peter Kidwelly},
  volume       = 4,
  series       = 5,
  address      = {The address of the publisher},
  month        = 7,
  organization = {The organization},
  publisher    = {The name of the publisher},
  note         = {An optional note}
}

@techreport{techreport,
  author       = {Peter Lambert}, 
  title        = {The title of the work},
  institution  = {The institution that published},
  year         = 1993,
  number       = 2,
  address      = {The address of the publisher},
  month        = 7,
  note         = {An optional note}
}

@unpublished{unpublished,
  author       = {Peter Marcheford}, 
  title        = {The title of the work},
  note         = {An optional note},
  month        = 7,
  year         = 1993
}




@article{Levenberg1944,
	author = "Kenneth Levenberg",
	title =	"A Method for the Solution of Certain Non-Linear Problems in Least Squares",
	journal =	"The Quartlerly of Applied Mathematics",
	volume = 	"2",
	year =		"1944",
	pages =		"164-168"
}

@article{Marquardt1963,
	author = "Donald Marquardt",
	title =	"An Algorithm for Least-Squards Estimation of Nonlinear Parameters",
	journal =	"SIAM Journal on Applied Mathematics",
	volume = 	"11",
	year =		"1963",
	pages =		"431-441"
}

@article{Nyquist1928,
	author = "Harry Nyquist",
	title =	"Certain topics in telegraph transmission theory",
	journal =	"Transactions of {A}merican {I}nstitute of {E}lectrical {E}ngineers ({AIEE})",
	volume = 	"47",
	month = 		"April",
	year =		"1928",
	pages =		"617-644"
}

@article{Kurokawa1965,
	author = "K. Kurokawa",
	title = "Power Waves and the Scattering Matrix",
	journal = "IEEE Trans. Microwave Theory Tech.",
	volume = "MTT-13",
	year = "1965",
	month = "March",
	pages = "194-202"
}

@book{Meyer2001,
	author = "Carl Meyer",
	title = "Matrix Analysis and Applied Linear Algebra",
	year = "2001",
	publisher = "SIAM: Society for Industrial and Applied Mathematics",
	pages = "422-425"
}

@book{goossens93,
	author = "Michel Goossens and Frank Mittlebach and Alexander Samarin",
	title = "The Latex Companion",
	year = "1993",
	publisher = "Addison-Wesley",
	address = "Reading, Massachusetts"

}

@article{greenwade93, 
	author = "George D. Greenwade",
	title = "The {C}omprehensive {T}ex {A}rchive {N}etwork ({CTAN})",
	year = "1993",
	journal = "TUGBoat",
	volume = "14",
	number = "3",
	pages = "342--351"
}

@book{knuth79,
	author = "Donald E. Knuth",
	title = "Tex and Metafont, New Directions in Typesetting",
	year = "1979",
	publisher = "American Mathematical Society and Digital Press",
	address = "Stanford"
}

@book{lamport94,
	author = "Leslie Lamport",
	title = "Latex: A Document Preparation System",
	year = "1994",
	edition = "Second",
	publisher = "Addison-Wesley",
	address = "Reading, Massachusetts"
}

@book{Nilsson84,
	author = "James W. Nilsson",
	title = "Electric Circuits",
	year = "1984",
	edition = "Second",
	publisher = "Addison-Wesley",
	address = "Reading, Massachusetts"
}

@misc{patashnik88,
	author = "Oren Patashnik",
	title = "{B}ib{T}e{X}ing.  Documentation for General {B}ib{T}e{X} users",
	year = "1988",
	howpublished = "Electronic document accompanying BibTeX
distribution"
}

@techreport{rahtz89,
	author = "Sebastian Rahtz",
	title = "A Survey of {T}ex and graphics",
	year = "1989",
	institution = "Department of Electronics and Computer Science",
	address = "University of Southampton, UK",
	number = "CSTR 89-7"
} 

@article{AgilentAn154,
	author="Hewlett-Packard Corporation",
	title="AN-154: S-parameter Design",
	month="March",
	year = "1990"
}

@article{AgilentAn95-1,
	author="Richard W. Anderson",
	title="Application Note 95-1  S-parameter Techniques",
	month="February",
	year = "1967",
	journal="Hewlett-Packard Journal"
}

@book{Edwards2001,
	author="M. L. Edwards",
	title="S-parameters, Signal Flow Graphs, and other Matrix Representations",
	chapter="3",
	month="September",
	year="2001"
}

@book{Northrop2003,
	author="Robert B. Northrop",
	title="Signals and Systems Analysis In Biomedical Engineering",
	publisher="CRC Press",
	chapter="Appendix B - Signal Flow Graphs and Mason’s Rule",
	number="978-0-8493-1557-2",
	year="2003",
	pages="373-377"
}

@article{Mason1956,
	author="Samuel Jefferson Mason",
	title="Feedback Theory - Further Properties of Signal Flow Graphs",
	month="July",
	year="1956",
	journal="Proceedings of the IRE",
	pages="920-926"
}

@article{Marks92, 
	author = "Roger Marks and Dylan Williams",
	title = "A General Waveguide Circuit Theory",
	year = "1992",
	journal = "J. Res. Natl. Inst. Stand. Technol.",
	volume = "97",
	number = "5",
	pages = "553-562"
}  

@conference{agili2005embedding,
	title={{De-embedding techniques in signal integrity: a comparison study}},
	author={Agili, S. and Balasubramanian, V. and Morales, A.},
	booktitle={Proc. of the Conference on Information Sciences and Systems}, 
	publisher={Johns Hopkins University},
	year={2005}
}

@article{antonini2003s,
  title={{S-parameters characterization of through, blind, and buried via holes}},
  author={Antonini, G. and Scogna, A.C. and Orlandi, A.},
  journal={IEEE transactions on mobile computing},
  pages={174--184},
  issn={1536-1233},
  year={2003},
  publisher={A joint publication of the IEEE Computer Society, IEEE Signal Processing Society, IEEE Circuits and Systems Society, IEEE Communications Society, and IEEE Industrial Electronics Society}
}

@conference{song2001embedding,
	title={{A de-embedding technique for interconnects}},
	author={Song, J. and Ling, F. and Flynn, G. and Blood, W. and Demircan, E.},
	booktitle={Electrical Performance of Electronic Packaging, 2001},
	pages={129--132},
	isbn={0780370244},
	year={2001},
	organization={IEEE}
}

@article{van1993new,
	title={{A new de-embedding technique for on-board structures applied to the bandwidth measurement of packages}},
	author={Van Hauwermeiren, L. and Botte, M. and De Zutter, D.},
	journal={Components, Hybrids, and Manufacturing Technology, IEEE Transactions on},
	volume={16},
	number={3},
	pages={300--303},
	issn={0148-6411},
	year={1993},
	publisher={IEEE}
}

@conference{kenney2010,
	title={{Timing measurement problems and solutions in source terminated memory systems with Inaccessible probing points}},
	author={Kenney, J. and Pupalaikis, P.},
	booktitle={DesignCon, 2010},
	year={2010},
	organization={IEC}
}

@conference{smith2006,
	title={{Theory and measurement of unbalanced differential-mode transmission lines}},
	author={Smith, S. and Sedig, S. and Balasubramanian, V.},
	booktitle={DesignCon, 2006},
	year={2006},
	organization={IEC}
}

@conference{Pupalaikis2007,
	title={{Advanced tools for high speed serial data measurements}},
	author={Pupalaikis, P.},
	booktitle={DesignCon, 2007},
	year={2007},
	organization={IEC}
}

@conference{Pupalaikis2008,
	title={{Validation Methods for S-parameter Measurement Based Models of Differential Transmission Lines}},
	author={Pupalaikis, P.},
	booktitle={DesignCon, 2008},
	year={2008},
	organization={IEC}
}

@book{Jong1982,
	author={Mark T. Jong},
	title={{Methods of Discrete Signal and System Analysis}},
	year={1982},
	publisher={McGraw-Hill},
	pages={297-301}
}

@article{Gans1982,
	author={W. L. Gans and N. S. Nahman},
	title={{Continuous and discrete Fourier transform of step-like waveforms}},
	journal={IEEE Trans. Instrum. Meas.},
	volume={IM-31},
	pages={97-101},
	month={June},
	year={1982}
}

@article{Nicolson1973,
	author={A. M. Nicolson},
	title={{Forming the fast Fourier transform of a step response in time-domain metrology}},
	journal={Electron. Lett.},
	volume={9},
	pages={317-318},
	month={July},
	year={1973}
}

@conference{Pupalaikis2011,
	title={{Wavelet denoising for TDR dynamic range improvement}},
	author={Pupalaikis, P.},
	booktitle={DesignCon},
	month={February},
	year={2011},
	organization={IEC}
}

@conference{Pupalaikis2012,
	author={Peter Pupalaikis},
	title={{The relationship between discrete-frequency s-parameters and continuous-frequency responses}},
	booktitle={DesignCon},
	month={February},
	year={2012},
	organization={IEC}
}

@patent{Miller2001,
	author = {Robert Miller},
	title = {Waveform translator for DC to 75 GHz oscillography},
	year = {2001},
	month = {June},
	day = {05},
	note={U.S. Patent 6,242,899},
}

@patent{Ems2010,
	author={Stephen Ems and Simon Kreymerman and Peter J. Pupalaikis},
	title={Time domain reflectometry in a coherent interleaved sampling timebase},
	year={2010},
	month={September},
	day={23},
	note={U.S. Patent Application 12/888,550},
}

@article{Hayden1994,
	author={Leonard A. Hayden and V. K. Tripathi},
	title={{Characterization and modeling of multiple line interconnections from TDR measurements}},
	journal={IEEE Transactions on Microwave Theory and Techniques},
	year={1994},
	pages={1737-1743},
	month={September},
	volume={42}
}

@article{Smolyansky1999,
	author={Dima  A. Smolyansky and Stephen D. Corey},
	title={{PCB interconnect characterization from TDR measurements}},
	journal={Printed Circuit Design Magazine},
	year={1999},
	month={May},
	note={TDA Systems App. note PCBD-0699-02}
}
	
@conference{Loyer2010,
	author={Jeff Loyer and Richard Kunze},
	title={{SET2DIL: Method to Derive Differential Insertion Loss from Single-Ended TDR/TDT Measurements}},
	booktitle={DesignCon},
	month={February},
	year={2010},
	organization={IEC}
}

@article{Bockelman1995,
	author={David E. Bockelman and W. R. Eisenstadt},
	title={{Combined differential and common-mode scattering parameters: theory and simulation}},
	journal={IEEE Transactions on Microwave Theory and Techniques},
	year={1995},
	pages={1530-1539},
	month={July},
	volume={43}
}

@book{Madsen2004,
	author={K. Madsen and H.B. Nielsen and O. Tingleff},
	title={Methods for Nonlinear Least Squares Problems},
	publisher={Technical University of Denmark},
	chapter={3.2 - The Levenberg-Marquardt Method},
	month=4,
	year={2004},
	pages={24-29},
  	edition   = 2
}

@patent{Tandon2012, 
author = {Tandon, Vinod and Devore, Jake}, 
file = {:C$\backslash$:/Users/chris/Dropbox/Research/Mendeley Desktop/Detecting Lag Switch Cheating in Game - Tandon, Devore - 2012.pdf:pdf},
 title = {{Detecting Lag Switch Cheating in Game}}, 
location = {US}, 
type = {US Patent Application Publication}, 
number = {2012/0108327A1}, 
url = {http://www.freepatentsonline.com/pdf/documents/usapp/2012/010/US20120108327/US20120108327A1.pdf},
 year = {2012}, 
month = {May}, 
day = {3}, 
}

@patent{Pupalaikis2011a, 
	author = {Peter J. Pupalaikis and Kaviyesh Doshi}, 
 	title = {{Method For De-embedding in Network Analysis}}, 
	location = {US}, 
	type = {US Patent Application}, 
	number = {13/163,914}, 
	year = {2011}, 
	month = {May}, 
	day = {26}, 
}

@article{secondTierCalSparq,
	author={Alan Blankman},
	title={{Using 2nd Tier Calibration for Cable Fixture De-embedding}},
	journal={LeCroy Application Note},
	year={2011}
}

@article{WinCalSparq,
	author={Alan Blankman},
	title={{Measurements with the LeCroy SPARQ and Cascade Microtech Probes Using WinCal XE Calibrations}},
	journal={LeCroy/CascadeMicrotech Application Note},
	year={2011}
}

@article{TDGSparq,
	author={Alan Blankman},
	title={{De-embedding Gigaprobes® Using Time Domain Gating with the LeCroy SPARQ}},
	journal={LeCroy/CascadeMicrotech Application Note},
	year={2011}
}

@conference{Gibbons2010,
	author={Graham Gibbons},
	title={{A Novel Low Cost Approach to 4 Port Network Analysis up to 40 GHz for Signal Integrity Measurements on Gigabit Backplanes}},
	month={April},
	year={2011},
	organization={ARRMS}
}

@article{Marks1991,
	author={Roger Marks},
	title={{A Multi-line Method of Network Analyzer Calibration}},
	journal={IEEE Transactions on Microwave Theory and Techniques},
	year={1991},
	pages={1205-1215},
	month={July},
	volume={49},
	number={7}
}

@inbook{Johnson2005,
  author       = {Howard Johnson and Martin Graham}, 
  title        = {High-Speed Signal Propagation: Advanced Black Magic},
  chapter      = {3},
  pages        = {50},
  publisher    = {Prentice Hall},
  year         = {2005},
  edition      = {1},
  month        = {2}
}

@inbook{Strang1986,
  author       = {Gilbert Strang}, 
  title        = {Introduction to Applied Mathematics},
  chapter      = {1},
  publisher    = {Wellesley-Cambridge Press},
  year         = {1986},
  edition      = {1},
  month        = {1}
}

@inbook{Matthaei1964,
  author       = {G. Matthaei and L. Young and E. M. T. Jones}, 
  title        = {Microwave Filters, Impedance-Matching Networks, and Coupling Structures},
  pages	={26} , 
  publisher    = {McGraw-Hill},
  year         = {1964},
  edition      = {1}
}

@inbook{Ghosh2005,
  author    = {Smarajit Ghosh}, 
  title     = {Network Theory: Analysis and Synthesis},
  publisher = {Prentice Hall of India},
  year      = 2005,
  isbn      = {81-203-2638-5},
  pages	={353}
}

@unpublished{Touchstone1p1,
  author       = {{EIA/IBIS~Open~Forum}}, 
  title        = {Touchstone 1.1 File Format Specification},
  note         = {version 1.1, Draft},
  url          = {http://www.vhdl.org/pub/ibis/connector/touchstone_spec11.pdf},
  year         = {2002}
}

@unpublished{Touchstone2,
  author       = {{TechAmerica}}, 
  title        = {Touchstone 2.0 File Format Specification},
  note         = {version 2.0},
  url          = {http://www.eda.org/ibis/touchstone_ver2.0/touchstone_ver2_0.pdf},
  month        = {April},
  year         = {2009}
}

@article{McTigue1993,
	author = "M. McTigue and P. Byrne",
	title =	"An 8-Gigasample-per-second, 8-bit Data Acquisition System for a Sampling Digital Oscilloscope",
	journal =	"Hewlett-Packard Journal",
	month = 		"October",
	year =		"1993",
	pages =		"11-23"
}

@inbook{Orwiler1969,
  author       = {B. Orwiler}, 
  title        = {Oscilloscope Vertical Amplifers - Circuit Concepts},
  pages	={21-38} , 
  publisher    = {Tektronix},
  year         = {1969},
  url = {http://www.radiomuseum.org/forumdata/users/4767/file/Tektronix_VerticalAmplifierCircuits_Part1.pdf},
  edition      = {1}
}

@book{NovakMiller2007,
  author    = {Istvan Novak and Jason Miller}, 
  title     = {{Frequency-Domain Characterization of Power Distribution Networks}},
  publisher = {Artech House},
  year      = 2007,
  edition   = {1},
  isbn      = {0471526800}
}

@conference{NovakBarry2012,
	author={Istvan Novak and Kendrick Barry and Chris Young and Brandon Howell and Jason Miller and Gustavo Blando},
	title={{Dynamic Characterization of DC-DC Converters}},
	booktitle={DesignCon},
	month={February},
	year={2012},
	organization={IEC},
	note={Santa Clara, CA}
}

@unpublished{Linfinity1998,
  author       = {{Linfinity}}, 
  title        = {{A Simple Current-Sense Technique Eliminating a Sense Resistor}},
  note         = {Application Note AN-7},
  month        = {July},
  year         = {1998}
}

@conference{KocubinskiBlandoNovak2016,
	author={Laura Kocubinski and Gustavo Blando and Istvan Novak},
	title={{Mid-Frequency Noise Coupling between DC-DC Converters and High-Speed Signals}},
	booktitle={DesignCon},
	month={February},
	year={2016},
	organization={UBM},
	note={Santa Clara, CA}
}

@unpublished{TI2013,
  author       = {{Texas Instruments}}, 
  title        = {{How to Measure the Loop Transfer Function of Power Supplies}},
  note         = {AN-1889, SNVA364A, revised April 2013},
  month        = {October},
  year         = {2008}
}

@conference{Sandler2016,
	author={Steve Sandler},
	title={{Killing the Bode Plot}},
	booktitle={DesignCon},
	month={February},
	year={2016},
	organization={UBM},
	note={Santa Clara, CA}
}

@conference{Hartman2017,
	author={Joseph Hartman and Alejandro Miranda and Kavitha Narayandass and Alexander Nosovitski and Istvan Novak},
	title={{Overview and comparison of power converter stability metrics}},
	booktitle={DesignCon},
	month={February},
	year={2017},
	organization={UBM},
	note={Santa Clara, CA}
}

@article{Smith1999,
	author={Larry D. Smith and Raymond E. Anderson and Douglas W. Forehand and Thomas J. Pelc and Tanmoy Roy},
	title={{Power distribution system design methodology and capacitor selection for modern CMOS technology}},
	journal={IEEE Transactions on Advanced Packaging},
	year={1999},
	pages={284-291},
	month={August},
	volume={22},
	number={3}
}

@book{Basso2008,
  author    = {Christophe P. Basso}, 
  title     = {{Switch-Mode Power Supplies – SPICE Simulations and Practical Designs}},
  publisher = {McGraw-Hill},
  year      = 2008
}

@unpublished{EricssonElectronicLoad,
  author       = {{---}}, 
  title        = {{Ericsson Electronic Load Module}},
  note         = {ROA 128 5552, http://archive.ericsson.net/service/internet/ picov/get?DocNo=1/28701-ROA1285552\&Lang=EN\&HighestFree=Y}
}

@unpublished{SynQor2000,
  author       = {{SynQor}}, 
  title        = {{Input System Instability}},
  note         = {{Application Note PQ-00-05-1 Rev.01, http://www.synqor.com/documents/appnotes/appnt\_system\_instability.pdf}},
  month        = {May},
  year         = {2000}
}

@unpublished{TIRVM,
  note         = {{http://www.ti.com/lit/ug/slvu211/slvu211.pdf}}
}

@unpublished{TLProcessingWeb,
  note         = {{http://teledynelecroy.com/doc/tutorial-processing-web.pdf}}
}

@unpublished{TLAPO33,
  note         = {{http://cdn.teledynelecroy.com/files/manuals/ap033\hyp active\hyp differential\hyp probe\hyp operators\hyp manual.pdf}}
}

@book{pupalaikis_2020, place={Cambridge}, title={S-Parameters for Signal Integrity}, DOI={10.1017/9781108784863}, publisher={Cambridge University Press}, author={Pupalaikis, Peter J.}, year={2020}}

@ARTICLE{8470059,

  author={Jargon, Jeffrey A. and Williams, Dylan F. and Sanders, Aric},

  journal={IEEE Microwave and Wireless Components Letters}, 

  title={The Relationship Between Switch-Term-Corrected Scattering-Parameters and Wave-Parameters Measured With a Two-Port Vector Network Analyzer}, 

  year={2018},

  volume={28},

  number={10},

  pages={951-953},

  doi={10.1109/LMWC.2018.2867076}}

@article{Ferrero1993,
author = {Ferrero, Andrea and Pisani, Umberto},
year = {1993},
month = {Jan.},
pages = {505-507},
title = {Two-Port Network Analyzer Calibration Using an Unknown Thru},
volume = {2},
journal = {IEEE Microw. Guided Wave Lett.},
doi = {10.1109/75.173410}
}



%********** End of bibliography **********
